@article{fearon1994domestic,
  title={Domestic Political Audiences and the Escalation of International Disputes},
  author={Fearon, James D},
  journal={American Political Science Review},
  volume={88},
  number={3},
  pages={577--592},
  year={1994},
  publisher={Cambridge University Press}
}
